<?xml version="1.0" encoding="UTF-8"?>
<collection
  xmlns:xsi="http://www.w3.org/2001/XMLSchema-instance"
  xsi:schemaLocation="http://www.loc.gov/MARC21/slim http://www.loc.gov/standards/marcxml/schema/MARC21slim.xsd"
  xmlns="http://www.loc.gov/MARC21/slim">

<record>
  <leader>07125ckdaa2200829 a 4500</leader>
  <controlfield tag="001">3462540</controlfield>
  <controlfield tag="005">20100226103511.0</controlfield>
  <controlfield tag="008">890712s1905    xx ||| |||||||   1k|eng d</controlfield>
  <datafield tag="035" ind1=" " ind2=" ">
    <subfield code="a">(OCoLC)78413637</subfield>
  </datafield>
  <datafield tag="035" ind1=" " ind2=" ">
    <subfield code="a">(OCoLC)ocm78413637</subfield>
  </datafield>
  <datafield tag="035" ind1=" " ind2=" ">
    <subfield code="a">(CStRLIN)NYDA89-F781</subfield>
  </datafield>
  <datafield tag="035" ind1=" " ind2=" ">
    <subfield code="9">AAA3011AD</subfield>
  </datafield>
  <datafield tag="035" ind1=" " ind2=" ">
    <subfield code="a">(NNC)3462540</subfield>
  </datafield>
  <datafield tag="040" ind1=" " ind2=" ">
    <subfield code="a">NNC</subfield>
    <subfield code="c">NNC</subfield>
    <subfield code="e">gihc</subfield>
  </datafield>
  <datafield tag="043" ind1=" " ind2=" ">
    <subfield code="a">n-us-ca</subfield>
  </datafield>
  <datafield tag="110" ind1="2" ind2=" ">
    <subfield code="a">Greene &amp; Greene.</subfield>
  </datafield>
  <datafield tag="240" ind1="1" ind2="0">
    <subfield code="a">Adelaide M. Tichenor house (Long Beach, Calif.)</subfield>
  </datafield>
  <datafield tag="245" ind1="1" ind2="0">
    <subfield code="a">Residence for Mrs. A. Tichenor at Long Beach, Cal.</subfield>
    <subfield code="h">[graphic] /</subfield>
    <subfield code="c">Greene &amp; Greene, Arch'ts.</subfield>
  </datafield>
  <datafield tag="260" ind1=" " ind2=" ">
    <subfield code="c">1905</subfield>
  </datafield>
  <datafield tag="300" ind1=" " ind2=" ">
    <subfield code="a">26 sheets :</subfield>
    <subfield code="b">various media ;</subfield>
    <subfield code="c">85.5 x 101.3 cm. (33 3/4 x 39 7/8 in.) or smaller.</subfield>
  </datafield>
  <datafield tag="500" ind1=" " ind2=" ">
    <subfield code="a">Scale varies.</subfield>
  </datafield>
  <datafield tag="500" ind1=" " ind2=" ">
    <subfield code="a">Bracketed title elements supplied by cataloger or taken from inventory.</subfield>
  </datafield>
  <datafield tag="500" ind1=" " ind2=" ">
    <subfield code="a">Forms part of the Greene &amp; Greene collection of architectural drawings ; job no. 133, 133A.</subfield>
  </datafield>
  <datafield tag="500" ind1=" " ind2=" ">
    <subfield code="a">This set consists  of 5 pencil drawings on tracing paper, 4 blueprints with crayon markings on paper, 3 ink drawings on cloth with pencil markings and also with watercolor wash applied to the verso, 2 ink drawings on cloth, 2 blueprints on paper, 2 ink drawings with pencil markings on cloth, 2 pencil drawings on paper, 2 ink and pencil drawings on cloth, 2 ink drawings on cloth with pencil markings and also with ink wash applied to the verso, 1 ink drawing on tracing paper, and 1 ink drawing on cloth with ink wash applied to the verso.</subfield>
  </datafield>
  <datafield tag="561" ind1=" " ind2=" ">
    <subfield code="a">Gift of Jean Murray Bangs (Mrs. Harwell Hamilton Harris), 1960; formerly the collection of Charles Sumner Greene.</subfield>
  </datafield>
  <datafield tag="650" ind1=" " ind2="7">
    <subfield code="a">Houses.</subfield>
    <subfield code="2">aat</subfield>
  </datafield>
  <datafield tag="650" ind1=" " ind2="7">
    <subfield code="a">Garages.</subfield>
    <subfield code="2">aat</subfield>
  </datafield>
  <datafield tag="650" ind1=" " ind2="7">
    <subfield code="a">Additions.</subfield>
    <subfield code="2">aat</subfield>
  </datafield>
  <datafield tag="655" ind1=" " ind2="7">
    <subfield code="a">Detail drawings.</subfield>
    <subfield code="2">aat</subfield>
  </datafield>
  <datafield tag="655" ind1=" " ind2="7">
    <subfield code="a">Sketches.</subfield>
    <subfield code="2">aat</subfield>
  </datafield>
  <datafield tag="655" ind1=" " ind2="7">
    <subfield code="a">Architectural drawings</subfield>
    <subfield code="x">American.</subfield>
    <subfield code="2">aat</subfield>
  </datafield>
  <datafield tag="655" ind1=" " ind2="7">
    <subfield code="a">Orthographic drawings.</subfield>
    <subfield code="2">aat</subfield>
  </datafield>
  <datafield tag="691" ind1=" " ind2="0">
    <subfield code="a">Long Beach (Calif.)</subfield>
  </datafield>
  <datafield tag="650" ind1=" " ind2="0">
    <subfield code="a">Architecture</subfield>
    <subfield code="z">United States</subfield>
    <subfield code="v">Designs and plans.</subfield>
  </datafield>
  <datafield tag="697" ind1="2" ind2="4">
    <subfield code="a">Adelaide M. Tichenor house (Long Beach, Calif.)</subfield>
  </datafield>
  <datafield tag="700" ind1="1" ind2=" ">
    <subfield code="a">Greene, Charles Sumner,</subfield>
    <subfield code="d">1868-1957.</subfield>
  </datafield>
  <datafield tag="700" ind1="1" ind2=" ">
    <subfield code="a">Greene, Henry Mather,</subfield>
    <subfield code="d">1870-1954.</subfield>
  </datafield>
  <datafield tag="700" ind1="1" ind2=" ">
    <subfield code="a">Tichenor, Adelaide M.</subfield>
  </datafield>
  <datafield tag="755" ind1=" " ind2=" ">
    <subfield code="a">Pencil drawings.</subfield>
    <subfield code="2">aat</subfield>
  </datafield>
  <datafield tag="755" ind1=" " ind2=" ">
    <subfield code="a">Blueprints.</subfield>
    <subfield code="2">aat</subfield>
  </datafield>
  <datafield tag="755" ind1=" " ind2=" ">
    <subfield code="a">Ink drawings.</subfield>
    <subfield code="2">aat</subfield>
  </datafield>
  <datafield tag="755" ind1=" " ind2=" ">
    <subfield code="a">Crayon drawings.</subfield>
    <subfield code="2">aat</subfield>
  </datafield>
  <datafield tag="755" ind1=" " ind2=" ">
    <subfield code="a">Watercolor wash drawings.</subfield>
    <subfield code="2">aat</subfield>
  </datafield>
  <datafield tag="755" ind1=" " ind2=" ">
    <subfield code="a">Ink wash drawings.</subfield>
    <subfield code="2">aat</subfield>
  </datafield>
  <datafield tag="799" ind1="4" ind2="3">
    <subfield code="a">The Greene &amp; Greene collection of architectural drawings.</subfield>
  </datafield>
  <datafield tag="789" ind1="0" ind2=" ">
    <subfield code="1">[1]</subfield>
    <subfield code="i">NYDA.1960.001.04005.</subfield>
    <subfield code="v">[AVERYimage].</subfield>
    <subfield code="t">Foundation plan ; section thro' piers, section thro' outside wall, section thro' kitchen chimney, section thro' living r'm chimney, section thro' C-C :</subfield>
    <subfield code="n">No. 1.</subfield>
  </datafield>
  <datafield tag="789" ind1="0" ind2=" ">
    <subfield code="1">[2]</subfield>
    <subfield code="i">NYDA.1960.001.04006.</subfield>
    <subfield code="v">[AVERYimage].</subfield>
    <subfield code="t">First floor plan ; front elevation ; east elevation :</subfield>
    <subfield code="n">No. 2.</subfield>
  </datafield>
  <datafield tag="789" ind1="0" ind2=" ">
    <subfield code="1">[3]</subfield>
    <subfield code="i">NYDA.1960.001.04007.</subfield>
    <subfield code="v">[AVERYimage].</subfield>
    <subfield code="t">Second floor plan ; section thro' C-D ; section thro' A-B ; north elevation :</subfield>
    <subfield code="n">No. 3.</subfield>
    <subfield code="o">"Note -- all exterior walls centre over frame below and all figures given are to centres of outside walls and partitions inside".</subfield>
  </datafield>
  <datafield tag="789" ind1="0" ind2=" ">
    <subfield code="1">[4]</subfield>
    <subfield code="i">NYDA.1960.001.04008.</subfield>
    <subfield code="v">[AVERYimage].</subfield>
    <subfield code="t">Elevation [of] east side of court [with] section A-B looking east ; west elevation ; detail[s in sections, elevation and] plan of corner ; side view of staircase ; [details] -- west side of nook, elevation of case in closet to bedrm. #3, wood screen (see plan) :</subfield>
    <subfield code="n">No. 4.</subfield>
  </datafield>
  <datafield tag="789" ind1="0" ind2=" ">
    <subfield code="1">[5]</subfield>
    <subfield code="i">NYDA.1960.001.04009.</subfield>
    <subfield code="v">[AVERYimage].</subfield>
    <subfield code="t">Inch scale and F.S. details of mill made doors :</subfield>
    <subfield code="n">Sheet no. 13,</subfield>
    <subfield code="d">May 15th, '05.</subfield>
  </datafield>
  <datafield tag="789" ind1="0" ind2=" ">
    <subfield code="1">[6]</subfield>
    <subfield code="i">NYDA.1960.001.04010.</subfield>
    <subfield code="v">[AVERYimage].</subfield>
    <subfield code="t">Inch scale and F.S. details of front door and door to entry :</subfield>
    <subfield code="n">Sheet no. 13A,</subfield>
    <subfield code="d">June 21st, '05.</subfield>
  </datafield>
  <datafield tag="789" ind1="0" ind2=" ">
    <subfield code="1">[7]</subfield>
    <subfield code="i">NYDA.1960.001.04011.</subfield>
    <subfield code="v">[AVERYimage].</subfield>
    <subfield code="t">Inch scale sash detail[s] :</subfield>
    <subfield code="n">Sheet no. 14,</subfield>
    <subfield code="d">May 15th, '05.</subfield>
  </datafield>
  <datafield tag="789" ind1="0" ind2=" ">
    <subfield code="1">[8]</subfield>
    <subfield code="i">NYDA.1960.001.04012.</subfield>
    <subfield code="v">[AVERYimage].</subfield>
    <subfield code="t">Inch scale detail of living [room] mantel -- front elevation, section, end, plan, F.S. detail of cast brass cramp "a" :</subfield>
    <subfield code="n">Sheet no. 16 and 16A.</subfield>
    <subfield code="o">"Catalena marble".</subfield>
  </datafield>
  <datafield tag="789" ind1="0" ind2=" ">
    <subfield code="1">[9]</subfield>
    <subfield code="i">NYDA.1960.001.04013.</subfield>
    <subfield code="v">[AVERYimage].</subfield>
    <subfield code="t">[Front and side details of door plate with owl design] :</subfield>
    <subfield code="n">Sheet no. 19.</subfield>
    <subfield code="o">"P &amp; F Corbins knob, 'Albany' design : oval. Lock #785, verify measures for same".</subfield>
  </datafield>
  <datafield tag="789" ind1="0" ind2=" ">
    <subfield code="1">[10]</subfield>
    <subfield code="i">NYDA.1960.001.04014.</subfield>
    <subfield code="v">[AVERYimage].</subfield>
    <subfield code="t">1 1/2 in. scale details of lantern in dining room :</subfield>
    <subfield code="n">Sheet no. 24,</subfield>
    <subfield code="d">Oct. 26, 1905.</subfield>
  </datafield>
  <datafield tag="789" ind1="0" ind2=" ">
    <subfield code="1">[11]</subfield>
    <subfield code="i">NYDA.1960.001.04015.</subfield>
    <subfield code="v">[AVERYimage].</subfield>
    <subfield code="t">[Drawing of paste-on for second floor plan]</subfield>
  </datafield>
  <datafield tag="789" ind1="0" ind2=" ">
    <subfield code="1">[12]</subfield>
    <subfield code="i">NYDA.1960.001.04016.</subfield>
    <subfield code="v">[AVERYimage].</subfield>
    <subfield code="t">[Drawing of paste-on for east elevation]</subfield>
  </datafield>
  <datafield tag="789" ind1="0" ind2=" ">
    <subfield code="1">[13]</subfield>
    <subfield code="i">NYDA.1960.001.04017.</subfield>
    <subfield code="v">[AVERYimage].</subfield>
    <subfield code="t">1 1/2 inch scale section thro' gallery and living rm.</subfield>
    <subfield code="o">"Note -- 1" x 6" floor included not shown".</subfield>
  </datafield>
  <datafield tag="789" ind1="0" ind2=" ">
    <subfield code="1">[14]</subfield>
    <subfield code="i">NYDA.1960.001.04018.</subfield>
    <subfield code="v">[AVERYimage].</subfield>
    <subfield code="t">Foundation plan ; section thro' piers, section thro' outside wall, section thro' kitchen chimney, section thro' living r'm chimney, section thro' C-C :</subfield>
    <subfield code="n">No. 1.</subfield>
  </datafield>
  <datafield tag="789" ind1="0" ind2=" ">
    <subfield code="1">[15]</subfield>
    <subfield code="i">NYDA.1960.001.04019.</subfield>
    <subfield code="v">[AVERYimage].</subfield>
    <subfield code="t">First floor plan ; front elevation ; east elevation :</subfield>
    <subfield code="n">No. 2.</subfield>
  </datafield>
  <datafield tag="789" ind1="0" ind2=" ">
    <subfield code="1">[16]</subfield>
    <subfield code="i">NYDA.1960.001.04020.</subfield>
    <subfield code="v">[AVERYimage].</subfield>
    <subfield code="t">Second floor plan ; section thro' C-D ; section thro' A-B ; north elevation :</subfield>
    <subfield code="n">No. 3.</subfield>
    <subfield code="o">"Note -- all exterior walls centre over frame below and all figures given are to centres of outside walls nad partitions inside".</subfield>
  </datafield>
  <datafield tag="789" ind1="0" ind2=" ">
    <subfield code="1">[17]</subfield>
    <subfield code="i">NYDA.1960.001.04021.</subfield>
    <subfield code="v">[AVERYimage].</subfield>
    <subfield code="t">Elevation[of]east side of court [with] section A-B looking east ;west elevation ;detail[s in sections,elevation and]plan of corner ;side view of staircase ;[details] -- west side of nook,elevation of case in closet to bedrm. #3,wood screen (see plan) :</subfield>
    <subfield code="n">No 4</subfield>
  </datafield>
  <datafield tag="789" ind1="0" ind2=" ">
    <subfield code="1">[18]</subfield>
    <subfield code="i">NYDA.1960.001.04022.</subfield>
    <subfield code="v">[AVERYimage].</subfield>
    <subfield code="t">Elevation [of] east side of court [with] section A-B looking east ; west elevation ; detail[s in sections, elevation and] plan of corner ; side [view of staircase ; elevation of] wood screen (see plan) :</subfield>
    <subfield code="n">No. 4.</subfield>
  </datafield>
  <datafield tag="789" ind1="0" ind2=" ">
    <subfield code="1">[19]</subfield>
    <subfield code="i">NYDA.1960.001.04560.</subfield>
    <subfield code="v">[AVERYimage].</subfield>
    <subfield code="t">Garage -- south elevation, plan, east elevation [showing] kitchen wing of house, 1 1/2" scale details [in sections].</subfield>
    <subfield code="o">Right-hand edge of drawing is missing.</subfield>
  </datafield>
  <datafield tag="789" ind1="0" ind2=" ">
    <subfield code="1">[20]</subfield>
    <subfield code="i">NYDA.1960.001.04561.</subfield>
    <subfield code="v">[AVERYimage].</subfield>
    <subfield code="t">Longitudinal section ; cross section.</subfield>
  </datafield>
  <datafield tag="789" ind1="0" ind2=" ">
    <subfield code="1">[21]</subfield>
    <subfield code="i">NYDA.1960.001.04023.</subfield>
    <subfield code="v">[AVERYimage].</subfield>
    <subfield code="t">[Roof plan]</subfield>
  </datafield>
  <datafield tag="789" ind1="0" ind2=" ">
    <subfield code="1">[22]</subfield>
    <subfield code="i">NYDA.1960.001.04024.</subfield>
    <subfield code="v">[AVERYimage].</subfield>
    <subfield code="t">Garage -- south elevation, plan, east elevation [showing] kitchen wing of house, 1 1/2" scale details [in sections].</subfield>
    <subfield code="o">Right-hand edge of drawing is missing.</subfield>
  </datafield>
  <datafield tag="789" ind1="0" ind2=" ">
    <subfield code="1">[23]</subfield>
    <subfield code="i">NYDA.1960.001.04025.</subfield>
    <subfield code="v">[AVERYimage].</subfield>
    <subfield code="t">[Elevation, section and plan of cabinet]</subfield>
  </datafield>
  <datafield tag="789" ind1="0" ind2=" ">
    <subfield code="1">[24]</subfield>
    <subfield code="i">NYDA.1960.001.04026.</subfield>
    <subfield code="v">[AVERYimage].</subfield>
    <subfield code="t">Addition to residence -- plan, east elevation, south elevation ; construction details [in sections] :</subfield>
    <subfield code="n">Sheet no. 1.</subfield>
    <subfield code="o">"Job no. 133A".</subfield>
  </datafield>
  <datafield tag="789" ind1="0" ind2=" ">
    <subfield code="1">[25]</subfield>
    <subfield code="i">NYDA.1960.001.04027.</subfield>
    <subfield code="v">[AVERYimage].</subfield>
    <subfield code="t">[Addition to residence] -- east [and] south [elevations]</subfield>
  </datafield>
  <datafield tag="789" ind1="0" ind2=" ">
    <subfield code="1">[26]</subfield>
    <subfield code="i">NYDA.1960.001.04028.</subfield>
    <subfield code="v">[AVERYimage].</subfield>
    <subfield code="t">[Unidentified rough sketches].</subfield>
    <subfield code="o">Drawing is on backing paper for a roll of drawings.</subfield>
    <subfield code="o">"Set no. 1".</subfield>
  </datafield>
  <datafield tag="900" ind1=" " ind2=" ">
    <subfield code="a">AUTH</subfield>
  </datafield>
</record>

</collection>